<record><leader>00000cas a2200000 a 4500</leader><controlfield tag="001">11906464</controlfield><controlfield tag="008">850411d18511856paudn ne      0    0eng c</controlfield><datafield ind1=" " ind2=" " tag="010"><subfield code="a">sn 85025804 </subfield></datafield><datafield ind1=" " ind2=" " tag="040"><subfield code="a">NPX</subfield><subfield code="b">eng</subfield><subfield code="c">NPX</subfield><subfield code="d">NPH</subfield><subfield code="d">NPA</subfield><subfield code="d">DLC</subfield><subfield code="d">NVK</subfield><subfield code="d">NVF</subfield><subfield code="d">DLC</subfield><subfield code="d">OCL</subfield><subfield code="d">KRTAS</subfield><subfield code="d">OCLCQ</subfield><subfield code="d">OCLCF</subfield><subfield code="d">OCLCO</subfield></datafield><datafield ind1="1" ind2=" " tag="029"><subfield code="a">AU@</subfield><subfield code="b">000004322780</subfield></datafield><datafield ind1=" " ind2=" " tag="042"><subfield code="a">pcc</subfield></datafield><datafield ind1=" " ind2=" " tag="043"><subfield code="a">n-us-pa</subfield></datafield><datafield ind1="0" ind2="0" tag="050"><subfield code="a">Newspaper 9375-X</subfield></datafield><datafield ind1="0" ind2="0" tag="245"><subfield code="a">Cummings' evening bulletin.</subfield></datafield><datafield ind1="1" ind2="3" tag="246"><subfield code="a">Evening bulletin</subfield></datafield><datafield ind1=" " ind2=" " tag="260"><subfield code="a">Philadelphia [Pa.] :</subfield><subfield code="b">Alexander Cummings,</subfield><subfield code="c">1851-1856.</subfield></datafield><datafield ind1=" " ind2=" " tag="300"><subfield code="a">v.</subfield></datafield><datafield ind1=" " ind2=" " tag="310"><subfield code="a">Daily (except Sunday)</subfield></datafield><datafield ind1="0" ind2=" " tag="362"><subfield code="a">Vol. 39, new ser., no. 1232 (Apr. 10, 1851)-v. 42, new ser., no. 2782 (Apr. 9, 1856).</subfield></datafield><datafield ind1=" " ind2=" " tag="530"><subfield code="a">Also issued on microfilm from Microfilming Corp. of America.</subfield></datafield><datafield ind1=" " ind2=" " tag="580"><subfield code="a">Semiweekly ed.: Philadelphia evening bulletin (Philadelphia, Pa. : 1850), &lt;1852-1854&gt;.</subfield></datafield><datafield ind1=" " ind2=" " tag="580"><subfield code="a">Weekly ed.: Cummings' Philadelphia bulletin, &lt;1851&gt;.</subfield></datafield><datafield ind1=" " ind2="0" tag="651"><subfield code="a">Philadelphia (Pa.)</subfield><subfield code="v">Newspapers.</subfield></datafield><datafield ind1=" " ind2="7" tag="655"><subfield code="a">Newspapers.</subfield><subfield code="2">fast</subfield><subfield code="0">(OCoLC)fst01423814</subfield></datafield><datafield ind1=" " ind2="7" tag="651"><subfield code="a">Pennsylvania</subfield><subfield code="z">Philadelphia.</subfield><subfield code="2">fast</subfield><subfield code="0">(OCoLC)fst01204170</subfield></datafield><datafield ind1="1" ind2=" " tag="700"><subfield code="a">Cummings, Alexander.</subfield></datafield><datafield ind1=" " ind2=" " tag="752"><subfield code="a">United States</subfield><subfield code="b">Pennsylvania</subfield><subfield code="c">Philadelphia</subfield><subfield code="d">Philadelphia.</subfield></datafield><datafield ind1="1" ind2=" " tag="775"><subfield code="t">Philadelphia evening bulletin (Philadelphia, Pa. : 1850)</subfield><subfield code="w">(DLC)sn 85025806</subfield></datafield><datafield ind1="1" ind2=" " tag="775"><subfield code="t">Cummings' Philadelphia bulletin</subfield><subfield code="w">(DLC)sn 85025805</subfield></datafield><datafield ind1="0" ind2="0" tag="780"><subfield code="t">Cummings' evening telegraphic bulletin</subfield><subfield code="w">(OCoLC)12100107</subfield></datafield><datafield ind1="0" ind2="0" tag="785"><subfield code="t">Daily evening bulletin (Philadelphia, Pa.)</subfield><subfield code="w">(DLC)sn 84026016</subfield></datafield><datafield ind1=" " ind2=" " tag="938"><subfield code="a">Kirtas Technologies, Inc.</subfield><subfield code="b">KRTS</subfield><subfield code="n">739125</subfield></datafield></record>